<?xml version="1.0" encoding="UTF-8"?><collection xmlns="http://www.loc.gov/MARC21/slim"><record><leader>00367nam--2200121-i-4500</leader><controlfield tag="001">000010210</controlfield><controlfield tag="002">20161230</controlfield><controlfield tag="005">20161230201028</controlfield><controlfield tag="008">060222s1000------------r-----000-0-eng-d</controlfield><datafield ind1=" " ind2=" " tag="080"><subfield code="a">37108</subfield></datafield><datafield ind1=" " ind2=" " tag="245"><subfield code="a">International adsvanced summer institute on microprogramming. contributors: f.anceau /s.a.</subfield></datafield><datafield ind1=" " ind2=" " tag="260"><subfield code="a">Paris, Hermann, 1972 417 P</subfield></datafield><datafield ind1=" " ind2=" " tag="700"><subfield code="a">Boulaye, Gyi And Mermet, Jean</subfield></datafield></record></collection>